<record><leader>00000cas a22000007a 4500</leader><controlfield tag="001">14986988</controlfield><controlfield tag="008">861217d19661982iauwr ne      0    0eng d</controlfield><datafield ind1=" " ind2=" " tag="010"><subfield code="a">sn 86060181 </subfield></datafield><datafield ind1=" " ind2=" " tag="040"><subfield code="a">INP</subfield><subfield code="b">eng</subfield><subfield code="c">INP</subfield><subfield code="d">OCLCQ</subfield></datafield><datafield ind1=" " ind2=" " tag="042"><subfield code="a">msc</subfield></datafield><datafield ind1="0" ind2=" " tag="130"><subfield code="a">Sibley gazette (Sibley, Iowa : 1966)</subfield></datafield><datafield ind1="1" ind2="4" tag="245"><subfield code="a">The Sibley gazette.</subfield></datafield><datafield ind1="1" ind2="3" tag="246"><subfield code="a">Sibley gazette &amp; tribune</subfield><subfield code="f">Sept. 20, 1977-Sept. 14, 1982</subfield></datafield><datafield ind1=" " ind2=" " tag="260"><subfield code="a">Sibley, Iowa :</subfield><subfield code="b">Sibley Pub. Co.,</subfield><subfield code="c">1966-1982.</subfield></datafield><datafield ind1=" " ind2=" " tag="300"><subfield code="a">18 v. :</subfield><subfield code="b">ill.</subfield></datafield><datafield ind1=" " ind2=" " tag="310"><subfield code="a">Weekly</subfield></datafield><datafield ind1="0" ind2=" " tag="362"><subfield code="a">Vol. 94, no. 30 (Jan. 18, 1966)-v. 111, no. 23 (Sept. 14, 1982).</subfield></datafield><datafield ind1=" " ind2=" " tag="500"><subfield code="a">Sibley centennial edition published June 6, 1972; other occasional special issues.</subfield></datafield><datafield ind1=" " ind2=" " tag="500"><subfield code="a">Publisher varies.</subfield></datafield><datafield ind1=" " ind2=" " tag="500"><subfield code="a">Originally edited by: John E. van der Linden.</subfield></datafield><datafield ind1=" " ind2=" " tag="752"><subfield code="a">United States</subfield><subfield code="b">Iowa</subfield><subfield code="c">Osceola</subfield><subfield code="d">Sibley.</subfield></datafield><datafield ind1="0" ind2=" " tag="777"><subfield code="t">Sibley Osceola County tribune</subfield><subfield code="w">(DLC)sn 86060182</subfield><subfield code="g">Jan. 18, 1966-Oct. 31, 1974</subfield></datafield><datafield ind1="0" ind2=" " tag="777"><subfield code="t">Osceola County tribune (Sibley, Iowa : 1974)</subfield><subfield code="w">(DLC)sn 86060326</subfield><subfield code="g">Nov. 7, 1974-Sept. 14, 1982</subfield></datafield><datafield ind1="0" ind2="1" tag="780"><subfield code="t">Sibley gazette-tribune</subfield><subfield code="w">(DLC)sn 86060126</subfield></datafield><datafield ind1="0" ind2="7" tag="785"><subfield code="t">Osceola County tribune (Sibley, Iowa : 1974)</subfield><subfield code="w">(DLC)sn 86060326</subfield></datafield><datafield ind1="0" ind2="7" tag="785"><subfield code="t">Osceola County gazette-tribune</subfield><subfield code="w">(DLC)sn 86060324</subfield></datafield><datafield ind1="1" ind2=" " tag="029"><subfield code="a">AU@</subfield><subfield code="b">000025809709</subfield></datafield></record>